<record><leader>00000cas a22000007a 4500</leader><controlfield tag="001">30467119</controlfield><controlfield tag="008">940520d19161917okuwr ne      0    0eng d</controlfield><datafield ind1=" " ind2=" " tag="010"><subfield code="a">sn 94058847 </subfield></datafield><datafield ind1=" " ind2=" " tag="040"><subfield code="a">OBN</subfield><subfield code="b">eng</subfield><subfield code="c">OBN</subfield><subfield code="d">OCLCQ</subfield><subfield code="d">OCLCO</subfield></datafield><datafield ind1="1" ind2=" " tag="029"><subfield code="a">AU@</subfield><subfield code="b">000025850858</subfield></datafield><datafield ind1=" " ind2=" " tag="042"><subfield code="a">msc</subfield></datafield><datafield ind1=" " ind2=" " tag="043"><subfield code="a">n-us-ok</subfield></datafield><datafield ind1="0" ind2="4" tag="245"><subfield code="a">The Byars enterprise.</subfield></datafield><datafield ind1=" " ind2=" " tag="260"><subfield code="a">Byars, McClain County, Okla. :</subfield><subfield code="b">A.M. Stephenson</subfield></datafield><datafield ind1=" " ind2=" " tag="300"><subfield code="a">v.</subfield></datafield><datafield ind1=" " ind2=" " tag="310"><subfield code="a">Weekly</subfield></datafield><datafield ind1="1" ind2=" " tag="362"><subfield code="a">Ceased in 1917.</subfield></datafield><datafield ind1=" " ind2=" " tag="588"><subfield code="a">Description based on: Vol. 1, no. 3 (Mar. 23, 1916).</subfield></datafield><datafield ind1=" " ind2="0" tag="651"><subfield code="a">Byars (Okla.)</subfield><subfield code="v">Newspapers.</subfield></datafield><datafield ind1=" " ind2="0" tag="651"><subfield code="a">McClain County (Okla.)</subfield><subfield code="v">Newspapers.</subfield></datafield><datafield ind1=" " ind2=" " tag="752"><subfield code="a">United States</subfield><subfield code="b">Oklahoma</subfield><subfield code="c">McClain</subfield><subfield code="d">Byars.</subfield></datafield><datafield ind1="0" ind2="4" tag="785"><subfield code="t">Pauls Valley enterprise and valley news</subfield><subfield code="w">(DLC)sn 97070206</subfield><subfield code="w">(OCoLC)37501378</subfield></datafield></record>